<?xml version="1.0" encoding="UTF-8"?><collection xmlns="http://www.loc.gov/MARC21/slim"><record><leader>00333nam--2200133-i-4500</leader><controlfield tag="001">000042002</controlfield><controlfield tag="002">20161230</controlfield><controlfield tag="005">20161230201043</controlfield><controlfield tag="008">060222s1000------------r-----000-0-eng-d</controlfield><datafield ind1=" " ind2=" " tag="080"><subfield code="a">681.3.06</subfield></datafield><datafield ind1=" " ind2=" " tag="100"><subfield code="a">Smith,T</subfield></datafield><datafield ind1=" " ind2=" " tag="245"><subfield code="a">Secrets of software debugging</subfield></datafield><datafield ind1=" " ind2=" " tag="260"><subfield code="a">Blue Ridge Summit, Tab Books Inc.,1984. Ix + 276 P</subfield></datafield><datafield ind1=" " ind2=" " tag="852"><subfield code="a">73921</subfield></datafield></record></collection>